<?xml version='1.0' encoding='UTF-8'?>
<Document xmlns="urn:iso:std:iso:20022:tech:xsd:pain.001.001.03">
  <CstmrCdtTrfInitn>
    <GrpHdr>
      <MsgId>UNES2025011400003B</MsgId>
      <CreDtTm>2026-04-29T12:00:00</CreDtTm>
      <NbOfTxs>1</NbOfTxs>
      <CtrlSum>10000.00</CtrlSum>
      <InitgPty>
        <Nm>UNESCO</Nm>
      </InitgPty>
    </GrpHdr>
    <PmtInf>
      <PmtInfId>2025011400003B</PmtInfId>
      <PmtMtd>TRF</PmtMtd>
      <NbOfTxs>1</NbOfTxs>
      <CtrlSum>10000.00</CtrlSum>
      <PmtTpInf>
        <SvcLvl><Cd>NURG</Cd></SvcLvl>
      </PmtTpInf>
      <ReqdExctnDt>2026-04-29</ReqdExctnDt>
      <Dbtr>
        <Nm>UNESCO</Nm>
        <PstlAdr>
          <StrtNm>7 PLACE DE FONTENOY</StrtNm><PstCd>75007</PstCd><TwnNm>PARIS</TwnNm><Ctry>FR</Ctry></PstlAdr>
      </Dbtr>
      <DbtrAcct><Id><Othr><Id>123456789</Id></Othr></Id></DbtrAcct>
      <DbtrAgt><FinInstnId><BIC>CITIUS33</BIC></FinInstnId></DbtrAgt>
      <CdtTrfTxInf>
        <PmtId><EndToEndId>2025011400003B</EndToEndId></PmtId>
        <Amt><InstdAmt Ccy="BRL">10000.00</InstdAmt></Amt>
        <CdtrAgt><FinInstnId><BIC>BANKBIC1</BIC></FinInstnId></CdtrAgt>
        <Cdtr>
          <Nm>Sinara Pollom Zardo</Nm>
          <PstlAdr>
            <StrtNm>SQN 206, Bloco A, apto 304</StrtNm>
            <BldgNb>1</BldgNb>
            <PstCd>70844-010</PstCd>
            <TwnNm>Brasília</TwnNm>
            <Ctry>BR</Ctry>
          </PstlAdr>
        </Cdtr>
        <CdtrAcct><Id><Othr><Id>987654321</Id></Othr></Id></CdtrAcct>
        <RmtInf><Ustrd>UNESCO PAYMENT</Ustrd></RmtInf>
      </CdtTrfTxInf>
    </PmtInf>
  </CstmrCdtTrfInitn>
</Document>
