<?xml version='1.0' encoding='UTF-8'?>
<Document xmlns="urn:iso:std:iso:20022:tech:xsd:pain.001.001.03">
  <CstmrCdtTrfInitn>
    <GrpHdr>
      <MsgId>UNES2025010200001B</MsgId>
      <CreDtTm>2026-04-29T12:00:00</CreDtTm>
      <NbOfTxs>1</NbOfTxs>
      <CtrlSum>3531.18</CtrlSum>
      <InitgPty><Nm>UNESCO</Nm></InitgPty>
    </GrpHdr>
    <PmtInf>
      <PmtInfId>2025010200001B</PmtInfId>
      <PmtMtd>TRF</PmtMtd>
      <NbOfTxs>1</NbOfTxs>
      <CtrlSum>3531.18</CtrlSum>
      <PmtTpInf><SvcLvl><Cd>NURG</Cd></SvcLvl></PmtTpInf>
      <ReqdExctnDt>2026-04-29</ReqdExctnDt>
      <Dbtr>
        <Nm>UNESCO</Nm>
        <PstlAdr>
          <StrtNm>7 PLACE DE FONTENOY</StrtNm>
          <PstCd>75007</PstCd>
          <TwnNm>PARIS</TwnNm>
          <Ctry>FR</Ctry>
        </PstlAdr>
      </Dbtr>
      <DbtrAcct><Id><Othr><Id>123456789</Id></Othr></Id></DbtrAcct>
      <DbtrAgt><FinInstnId><BIC>SOGEFRPP</BIC></FinInstnId></DbtrAgt>
      <CdtTrfTxInf>
        <PmtId><EndToEndId>2025010200001B</EndToEndId></PmtId>
        <Amt><InstdAmt Ccy="USD">3531.18</InstdAmt></Amt>
        <CdtrAgt>
          <FinInstnId>
            <Nm>BANK NAME UNSTRUCTURED</Nm>
            <PstlAdr>
              <StrtNm>BANK STREET</StrtNm><PstCd>00000</PstCd><TwnNm>BANK CITY</TwnNm><Ctry>FR</Ctry>
              </PstlAdr>
          </FinInstnId>
        </CdtrAgt>
        <Cdtr>
          <Nm>Hanna SHMAGUN</Nm>
          <PstlAdr>
            <StrtNm>SC/PBS/STIP</StrtNm>
            <BldgNb>1</BldgNb>
            <PstCd>75007</PstCd>
            <TwnNm>Paris</TwnNm>
            <Ctry>FR</Ctry>
          </PstlAdr>
        </Cdtr>
        <CdtrAcct><Id><Othr><Id>987654321</Id></Othr></Id></CdtrAcct>
        <RmtInf><Ustrd>UNESCO PAYMENT</Ustrd></RmtInf>
      </CdtTrfTxInf>
    </PmtInf>
  </CstmrCdtTrfInitn>
</Document>
