<?xml version='1.0' encoding='UTF-8'?>
<Document xmlns="urn:iso:std:iso:20022:tech:xsd:pain.001.001.03">
  <CstmrCdtTrfInitn>
    <GrpHdr>
      <MsgId>UNES2025010200001B</MsgId>
      <CreDtTm>2026-04-29T12:00:00</CreDtTm>
      <NbOfTxs>1</NbOfTxs>
      <CtrlSum>14678.62</CtrlSum>
      <InitgPty>
        <Nm>UNESCO</Nm>
      </InitgPty>
    </GrpHdr>
    <PmtInf>
      <PmtInfId>2025010200001B</PmtInfId>
      <PmtMtd>TRF</PmtMtd>
      <NbOfTxs>1</NbOfTxs>
      <CtrlSum>14678.62</CtrlSum>
      <PmtTpInf>
        <SvcLvl><Cd>SEPA</Cd></SvcLvl>
      </PmtTpInf>
      <ReqdExctnDt>2026-04-29</ReqdExctnDt>
      <Dbtr>
        <Nm>UNESCO</Nm>
        <PstlAdr>
          <StrtNm>7 PLACE DE FONTENOY</StrtNm><PstCd>75007</PstCd><TwnNm>PARIS</TwnNm><Ctry>FR</Ctry>
          </PstlAdr>
      </Dbtr>
      <DbtrAcct><Id><IBAN>FR7630003000040003000123456</IBAN></Id></DbtrAcct>
      <DbtrAgt><FinInstnId><BIC>SOGEFRPP</BIC></FinInstnId></DbtrAgt>
      <CdtTrfTxInf>
        <PmtId><EndToEndId>2025010200001B</EndToEndId></PmtId>
        <Amt><InstdAmt Ccy="EUR">14678.62</InstdAmt></Amt>
        <CdtrAgt><FinInstnId><BIC>BANKBIC1</BIC></FinInstnId></CdtrAgt>
        <Cdtr>
          <Nm>CPIC-CAISSE DE PREVOYANCE</Nm>
          <PstlAdr>
            <StrtNm>RUE DU STAND 51</StrtNm><PstCd>1211</PstCd><TwnNm>GENEVE 11</TwnNm><Ctry>CH</Ctry>
            </PstlAdr>
        </Cdtr>
        <CdtrAcct><Id><IBAN>DE89370400440532013000</IBAN></Id></CdtrAcct>
        <RmtInf><Ustrd>UNESCO PAYMENT 2025010200001B</Ustrd></RmtInf>
      </CdtTrfTxInf>
    </PmtInf>
  </CstmrCdtTrfInitn>
</Document>
